@misc{ProjectCharter,
  title = {Project Charter},
  date = {2025},
  author = {Group3},
  note = {01 - Project_Charter.pdf}
}

@misc{WBS,
  title = {WBS},
  date = {2025},
  author = {Group3},
  note = {02 - WBS.png}
}

@misc{WBSAlternative1,
  title = {WBS Alternative 1},
  date = {2025},
  author = {Group3}, 
  note = {02 - WBS_Alternative_1.png}
}

@misc{WBSAlternative2,
  title = {WBS Alternative 2},
  date = {2025},
  author = {Group3},
  note = {02 - WBS_Alternative_2.png}
}

@misc{CostEstimation,
  title = {Cost Estimation},
  date = {2025},
  author = {Group3},
  note = {03a - Cost Estimation.xlsx}
}

@misc{CostStructure,
  title = {Cost Structure},
  date = {2025},
  author = {Group3},
  note = {03b - Cost Structure.png}
}

@misc{OBS,
  title = {OBS},
  date = {2025},
  author = {Group3},
  note = {04a - OBS.png}
}

@misc{OBSCrossWBS,
  title = {OBS cross WBS},
  date = {2025},
  author = {Group3}, 
  note = {04b - OBS cross WBS.xlsx}
}

@misc{NetworkDiagram,
  title = {Network Diagram},
  date = {2025},
  author = {Group3},
  note = {05 - Network Diagram.png}
}

@misc{GanttChart1,
  title = {Gantt},
  date = {2025},
  author = {Group3},
  note = {05E - Gantt.png}
}

@misc{GanttChart2,
  title = {Gantt},
  date = {2025},
  author = {Group3},
  note = {05L - Gantt.png}
}

@misc{ResourceProfile1,
  title = {Resource Profile},
  date = {2025},
  author = {Group3},
  note = {06E - Resource Profile.png}
}

@misc{ResourceProfile2,
  title = {Resource Profile},
  date = {2025},
  author = {Group3},
  note = {06L - Resource Profile.png}
}

@misc{CashFlow1,
  title = {Cash Flow},
  date = {2025},
  author = {Group3},
  note = {07E - Cash Flow.png}
}

@misc{CashFlow2,
  title = {Cash Flow},
  date = {2025},
  author = {Group3},
  note = {07L - Cash Flow.png}
}

@misc{SCurve1,
  title = {S-Curve},
  date = {2025},
  author = {Group3},
  note = {08E - S-Curve.png}
}

@misc{SCurve2,
  title = {S-Curve},
  date = {2025},
  author = {Group3},
  note = {08L - S-Curve.png}
}

@misc{RiskRegister,
  title = {Risk Register},
  date = {2025},
  author = {Group3},
  note = {09 - Risk Register.xlsx}
}
