@article{Me,
  author  = {Unknown},
  title   = {Unknown},
  journal = {Unknown},
  year    = {2001},
  month   = {02},
  day     = {28},
  url     = {simone.pagliuca.net},
  note    = {Accessed Tomorrow}
}