@article{DeHoffmann1989,
  author = {Unknown}, % If the author is known, replace "Unknown"
  title = {Frederic de Hoffmann Obituary},
  journal = {Sarasota Herald-Tribune},
  year = {1989},
  month = {10},
  day = {7},
  url = {https://news.google.com.au/newspapers?id=gbYcAAAAIBAJ&sjid=VHoEAAAAIBAJ&pg=6267,1698262&dq=frederic-de-hoffmann&hl=en},
  note = {Accessed 31-Jan-2025}
}

@misc{Lorenzi2024,
  author    = {Stefano Lorenzi},
  title     = {Experimental Nuclear Reactor Kinetics Course},
  year      = {2024},
  institution = {Politecnico di Milano},
  note      = {Course held at Politecnico di Milano from September to December 2024},
}


@article{Cammi,
  author = {A. Cammi and L. Luzzi and M. E. Ricotti and M. Zanetti and S. Lorenzi and A. Borio di Tigliole},
  title = {Control Rod Calibration in a TRIGA Reactor},
  journal = {Nuclear Engineering Division, Politecnico di Milano & University of Pavia},
  year = {Unkown},
  url = {https://nucleus.iaea.org/sites/connect/RRIHpublic/CompendiumDB/Shared%20Documents/Italy/Protocols%20in%20PDF/1_Control_rod_calibration_in_a_TRIGA_reactor.pdf},
  note = {Accessed 31-Jan-2025}
}

@article{Geiger1964,
  author    = {K. W. Geiger and R. Hum and C. J. D. Jarvis},
  title     = {Neutron Spectrum of a Ra-Be(α, n) Source},
  journal   = {Canadian Journal of Physics},
  volume    = {42},
  year      = {1964},
  pages     = {1007--1100},
  doi       = {}, % Add DOI if available
  note      = {Received February 21, 1964}
}

@thesis{Ponciroli2010,
  author    = {Roberto Ponciroli},
  title     = {Modellistica Orientata agli Oggetti del Reattore TRIGA MARK II dell’Università di Pavia},
  year      = {2010},
  school    = {Politecnico di Milano},
  type      = {Laurea Specialistica Thesis},
  advisor   = {Antonio Cammi},
  url       = {https://www.politesi.polimi.it/bitstream/10589/11402/3/2010_12_Ponciroli.pdf},
  note      = {Relatori: Antonio Cammi, Andrea Borio di Tigliole, Andrea Bigoni, Andrea Fusar Poli}
}

@online{SerpentMC2013,
  author    = {{Serpent Development Team}},
  title     = {M\&C 2013 Example Inputs},
  year      = {2013},
  url       = {https://serpent.vtt.fi/mediawiki/index.php/M\%26C_2013_example_inputs},
  urldate   = {2025-01-31},
  note      = {Accessed on 31-Jan-2025}
}

@article{Moffat1988,
  author    = {Robert J. Moffat},
  title     = {Describing the Uncertainties in Experimental Results},
  journal   = {Experimental Thermal and Fluid Science},
  year      = {1988},
  volume    = {1},
  pages     = {3--17},
  doi       = {10.1016/0894-1777(88)90043-X}, % Replace with correct DOI if available
  note      = {Professor of Mechanical Engineering, Stanford University},
  url       = {https://www.sciencedirect.com/science/article/abs/pii/089417778890043X} % Replace if you have a direct link
}

@online{PagliucaGithub,
  author    = {Simone Pagliuca},
  title     = {Magistrale - Experimental Reactor Kinetics Code and Data},
  year      = {2025},
  url       = {https://github.com/simo-pagliu/Magistrale/tree/main/Experimental%20Reactor%20Kinetics},
  urldate   = {2025-01-31},
  note      = {Accessed on 31-Jan-2025}
}

@online{SerpentForum,
  author    = {{Serpent Development Team}},
  title     = {Serpent Monte Carlo Forum},
  year      = {2025},
  url       = {https://serpent.vtt.fi/forum/},
  urldate   = {2025-01-31},
  note      = {Accessed on 31-Jan-2025}
}

@online{SerpentWiki,
  author    = {{Serpent Development Team}},
  title     = {Serpent Monte Carlo Wiki},
  year      = {2025},
  url       = {http://serpent.vtt.fi/mediawiki/index.php?title=Main_Page},
  urldate   = {2025-01-31},
  note      = {Accessed on 31-Jan-2025}
}
